% This file was created with JabRef 2.5.
% Encoding: Cp1252

@BOOK{Vianello:Livro,
author = {Rubens Leite Vianello},
title = {Estação Meteorológica e seu Observador},
publisher = {Instituto Nacional de Meteorologia},
edition= {1},
year = {2011}
}

@BOOK{Sommerville:Livro,
author = {Ian Sommerville},
title = {Engenharia de Software},
publisher = {Pearson},
edition = {9},
year = {2011}
}

@BOOK{Pressman:Livro,
author = {Roger Pressman},
title = {Engenharia de Software},
publisher = {Amgh Editora},
edition = {8},
year = {2016}
}

@BOOK{Ambler:Livro,
author = {Scott Ambler},
title = {Modelagem Ágil},
publisher = {Bookman},
edition = {1},
year = {2006}
}

@BOOK{Larman:Livro,
author = {Craig Larman},
title = {Utilizando {UML} e Padrões},
publisher = {Bookman},
edition = {3},
year = {2005}
}

@BOOK{Navathe:Livro,
author = {Shamkant B. Navathe},
title = {Sistemas de banco de dados},
publisher = {Pearson},
edition = {6},
year = {2011}
}

@BOOK{Pierro:Livro,
author = {Massimo Di Pierro},
title = {WEB2PY Complete Reference Manual},
publisher = {Experts4Solutions},
edition = {5},
year = {2013}
}

@BOOK{Sharp:Livro,
author = {Helen Sharp and Rogers Yvonne and Jennifer Preece},
title = {DESIGN DE INTERAÇÃO},
publisher = {Bookman},
edition = {3},
year = {2013}
}

@BOOK{Duckett:JS,
author = {Jon Duckett},
title = {Javascript e Jquery - Desenvolvimento de Interfaces Web Interativas},
publisher = {Alta Books},
edition = {1},
year = {2015}
}

@BOOK{Duckett:HTML,
author = {Jon Duckett},
title = {Html e Css - Projete e Construa Websites},
publisher = {Alta Books},
edition = {1},
year = {2015}
}

@BOOK{Silva:Livro,
author = {Maurício Samy Silva},
title = {Bootstrap 3.3.5},
publisher = {Novatec},
edition = {1},
year = {2015}
}

@ELECTRONIC{KentBeck:ManifestoAgil,
howpublished = {\url{https://www.manifestoagil.com.br}},
author = {Kent Beck and Mike Beedle and Arie van Bennekum and Alistair Cockburn and Ward Cunningham and Martin Fowler and James Grenning and Jim Highsmith and Andrew Hunt and Ron Jeffries and Jon Kern and Brian Marick and Robert C. Martin and Steve Mellor and Ken Schwaber and Jeff Sutherland and Dave Thomas},
title = {Manifesto para o {D}esenvolvimento {Á}gil de {S}oftware},
editor = {Ward Cunningham},
year = {2001}
}

@ELECTRONIC{Labinstru:EST,
howpublished ={\url{https://sites.google.com/a/uea.edu.br/labinstru/}},
author = {Maria Betânia Leal Oliveira},
year = {2016},
note = {Acessado em \today.}
}

@ELECTRONIC{MySql:MySql,
howpublished ={\url{https://dev.mysql.com/doc/}},
author = {Oracle Corporation and/or its affiliates},
year = {2017},
note = {Acessado em \today.}
}

@ELECTRONIC{MySql:WorkBench,
howpublished ={\url{https://dev.mysql.com/doc/workbench/en/}},
author = {Oracle Corporation and/or its affiliates},
year = {2017},
note = {Acessado em \today.}
}

@ELECTRONIC{Prototipacao:Mockups,
howpublished ={\url{https://balsamiq.com/products/mockups/}},
author = {Balsamiq Studios},
year = {2017},
note = {Acessado em \today.}
}


@ELECTRONIC{ClimatologiaGeografica:EscalaBeafourt,
howpublished ={\url{https://climatologiageografica.com/classificacao-dos-ventos-segundo-beaufort-sec-xix-2/}},
author = {Climatologia Geográfica},
year = {2017},
note = {Acessado em \today.}
}

@book{Gordon:Web2pycookbook,
author = {Richard Gordon and Pablo Martin Mulone and Mariano Reingart and Bruno Cezar Rocha  and Jonathan Lundell and Michele Comitini and Massimo Di Pierro},
title = {web2py Application Development Cookbook},
year = {2012},
publisher = {Packt Publishing},
}

@BOOK{Duarte:Web2py,
author = {Mauro Duarte},
title = {Primeiros Passos com {Web2py}},
year={2016},
publisher = {Amazon},
address = {Porto Alegre},
}

@BOOK{Gamma:Livro05,
author = {Erich Gamma and John Vlissides and Ralph Johnson and Richard Helm},
title = {Padrões de Projeto: Soluções reutilizáveis de software orientado a objetos},
year={2005},
publisher = {Bookman},
address = {Porto Alegre},
}

@BOOK{Weissman:MVC,
author = {Henrique Lobo Weissmann},
title = {Vire o jogo com Spring Framework},
year={2014},
publisher = {Casa do Código}
}

@INPROCEEDINGS{Lima:Artigo,
author = {Patrick Magalhães de Lima and Elloá B. Guedes and Maria Betânia Leal de Oliveira},
title = {{BoCliMa} -- Uma Ferramenta para Suporte ao Processamento de Dados em um Laboratório de Instrumentação Meteorológica},
BOOKTITLE = {{VII} Conferência Científica Internacional de la Universidad de Holguín},
address = {Holguín, Cuba},
pages = {1-8},
year = {2015}
}

@TECHREPORT{Rothfusz:HeatIndex,
  AUTHOR =       {L. P. Rothfusz},
  TITLE =        {The heat index equation (or, more than you ever wanted to know about heat index)},
  INSTITUTION =  {NWS Southern Region Technical Attachment},
  YEAR =         {1990},
  number =       {SR/SSD 90-23},
}

@INPROCEEDINGS{Silva:CalorTrabalho,
  AUTHOR =       {T. L. da Silva and V. C. Almeida},
  TITLE =        {Influência do Calor sobre a Saúde e Desempenho dos Trabalhadores},
  BOOKTITLE =    {Simpósio Maringaense de Engenharia de Produção},
  YEAR =         {2010}
}

@INPROCEEDINGS{Steadman:IndiceCalor,
  AUTHOR =       {R. G. Steadman},
  TITLE =        {The Assessment of Sultriness. Part I: A temperature-Humidity Index Based on Human Physiology and Clothing Science},
  BOOKTITLE =    {Journal of Applied Meteorology},
  YEAR =         {1979}
}

@INPROCEEDINGS{Sentelhas:EscalaBeaufort,
  AUTHOR =       {P. C. Sentelhas},
  TITLE =        {Application of the CSM-CERES-Maize model for planting date evaluation and yield forecasting for maize grown off-season in a subtropical environment},
  BOOKTITLE =    {European Journal of Agronomy},
  YEAR =         {2007}
}

@ELECTRONIC{MetOffice:Beaufort,
author = {National Meteorological Library MetOffice},
title = {The Beaufort Scale},
year = {2011},
howpublished = {\url{http://www.metoffice.gov.uk/binaries/content/assets/mohippo/pdf/b/7/fact_sheet_no._6.pdf}},
note = {Acessado em \today.}

}
